<record><leader>00000cas a22000007a 4500</leader><controlfield tag="001">9455191</controlfield><controlfield tag="008">830427d18731873ksudr ne      0    0eng d</controlfield><datafield ind1=" " ind2=" " tag="010"><subfield code="a">sn 83040105 </subfield></datafield><datafield ind1=" " ind2=" " tag="040"><subfield code="a">KSH</subfield><subfield code="b">eng</subfield><subfield code="c">KSH</subfield><subfield code="d">NPT</subfield><subfield code="d">CUI</subfield><subfield code="d">CUS</subfield><subfield code="d">OCLCQ</subfield><subfield code="d">OCLCF</subfield></datafield><datafield ind1="1" ind2=" " tag="029"><subfield code="a">AU@</subfield><subfield code="b">000025789716</subfield></datafield><datafield ind1=" " ind2=" " tag="042"><subfield code="a">msc</subfield></datafield><datafield ind1=" " ind2=" " tag="043"><subfield code="a">n-us-ks</subfield></datafield><datafield ind1="1" ind2="4" tag="050"><subfield code="a">AN</subfield></datafield><datafield ind1="0" ind2=" " tag="130"><subfield code="a">Atchison daily globe (Atchison, Kan. : 1873)</subfield></datafield><datafield ind1="1" ind2="0" tag="245"><subfield code="a">Atchison daily globe.</subfield></datafield><datafield ind1=" " ind2=" " tag="260"><subfield code="a">Atchison, Kan. :</subfield><subfield code="b">Atchison Globe Steam Print. Co.</subfield></datafield><datafield ind1=" " ind2=" " tag="300"><subfield code="a">v. ;</subfield><subfield code="c">66 cm.</subfield></datafield><datafield ind1=" " ind2=" " tag="310"><subfield code="a">Daily</subfield></datafield><datafield ind1="1" ind2=" " tag="362"><subfield code="a">Began in 1873; ceased in 1873?</subfield></datafield><datafield ind1=" " ind2=" " tag="500"><subfield code="a">Editor: F.G. Adams.</subfield></datafield><datafield ind1=" " ind2=" " tag="588"><subfield code="a">Description based on: Vol. 1, no. 132 (Sept. 30, 1873).</subfield></datafield><datafield ind1=" " ind2="0" tag="651"><subfield code="a">Atchison (Kan.)</subfield><subfield code="v">Newspapers.</subfield></datafield><datafield ind1=" " ind2="7" tag="655"><subfield code="a">Newspapers.</subfield><subfield code="2">fast</subfield><subfield code="0">(OCoLC)fst01423814</subfield></datafield><datafield ind1=" " ind2="7" tag="651"><subfield code="a">Kansas</subfield><subfield code="z">Atchison.</subfield><subfield code="2">fast</subfield><subfield code="0">(OCoLC)fst01219730</subfield></datafield><datafield ind1="1" ind2=" " tag="700"><subfield code="a">Adams, F. G.</subfield><subfield code="q">(Frank G.)</subfield></datafield><datafield ind1=" " ind2=" " tag="752"><subfield code="a">United States</subfield><subfield code="b">Kansas</subfield><subfield code="c">Atchison</subfield><subfield code="d">Atchison.</subfield></datafield><datafield ind1="0" ind2="8" tag="776"><subfield code="i">Online version:</subfield><subfield code="t">Atchison Daily Globe</subfield><subfield code="w">(OCoLC)192107179</subfield></datafield></record>